@article{garzon2021gain,
  title={{Gain-Cell Embedded DRAM Under Cryogenic Operation--A First Study}},
  author={Garz{\'o}n, Esteban and Greenblatt, Yosi and Harel, Odem and Lanuzza, Marco and Teman, Adam},
  journal={IEEE Tran. on Very Large Scale Integration (VLSI) Systems},
  year={2021},
  publisher={IEEE}
}

